<?xml version="1.0" encoding="utf-8"?>
<record xmlns="http://www.loc.gov/MARC21/slim" xmlns:xsi="http://www.w3.org/2001/XMLSchema-instance" xsi:schemaLocation="http://www.loc.gov/MARC21/slim http://www.loc.gov/standards/marcxml/schema/MARC21slim.xsd">
	<leader>     nam a22     Mi 4500</leader>
	<controlfield tag="001">4890594</controlfield>
	<controlfield tag="003">NNC</controlfield>
	<controlfield tag="006">m        d        </controlfield>
	<controlfield tag="007">cr cn |||m|||a</controlfield>
	<controlfield tag="008">180419m18831884ua      o     000 0 ara d</controlfield>
	<datafield ind1=" " ind2=" " tag="040">
		<subfield code="a">ZYU</subfield>
		<subfield code="b">eng</subfield>
		<subfield code="e">rda</subfield>
		<subfield code="c">ZYU</subfield>
	</datafield>
	<datafield ind1=" " ind2=" " tag="043">
		<subfield code="a">aw-----</subfield>
		<subfield code="a">ff-----</subfield>
		<subfield code="a">e-sp---</subfield>
	</datafield>
	<datafield ind1=" " ind2="4" tag="050">
		<subfield code="a">DS234</subfield>
		<subfield code="b">.I1142 1883</subfield>
	</datafield>
	<datafield ind1="1" ind2=" " tag="100">
		<subfield code="6">880-01</subfield>
		<subfield code="a">Ibn al-Athīr, ʻIzz al-Dīn,</subfield>
		<subfield code="d">1160-1233.</subfield>
	</datafield>
	<datafield ind1="1" ind2="0" tag="245">
		<subfield code="6">880-02</subfield>
		<subfield code="a">Tārīkh al-kāmil /</subfield>
		<subfield code="c">lil-ʻalāmah Abī al-Ḥasan ʻAlī ibn Abī al-Karam Muḥammad ibn Muḥammad ibn ʻAbd al-Karīm ibn ʻAbd al-Wāḥid al-Shaybānī al-maʻrūf bi-Ibn al-Athīr al-Jazarī al-mulaqqab bi-ʻIzz al-Dīn.</subfield>
	</datafield>
	<datafield ind1=" " ind2=" " tag="260">
		<subfield code="6">880-03</subfield>
		<subfield code="a">Miṣr :</subfield>
		<subfield code="b">al-Maṭbuʻah al-Azharīyah al-Miṣrīyah,</subfield>
		<subfield code="c">[1883-1884]</subfield>
	</datafield>
	<datafield ind1=" " ind2=" " tag="300">
		<subfield code="a">online resource (12 volumes)</subfield>
	</datafield>
	<datafield ind1=" " ind2=" " tag="336">
		<subfield code="a">text</subfield>
		<subfield code="2">rdacontent</subfield>
	</datafield>
	<datafield ind1=" " ind2=" " tag="337">
		<subfield code="a">computer</subfield>
		<subfield code="2">rdamedia</subfield>
	</datafield>
	<datafield ind1=" " ind2=" " tag="338">
		<subfield code="a">online resource</subfield>
		<subfield code="2">rdacarrier</subfield>
	</datafield>
	<datafield ind1=" " ind2=" " tag="500">
		<subfield code="a">Part of the Arabic Collections Online (ACO) project, contributed by Columbia University Libraries.</subfield>
	</datafield>
	<datafield ind1=" " ind2=" " tag="533">
		<subfield code="a">Electronic reproduction.</subfield>
		<subfield code="b">New York, N.Y. :</subfield>
		<subfield code="c">New York University,</subfield>
		<subfield code="d">2018.</subfield>
		<subfield code="5">NNU</subfield>
	</datafield>
	<datafield ind1=" " ind2="0" tag="651">
		<subfield code="a">Islamic Empire</subfield>
		<subfield code="x">History.</subfield>
	</datafield>
	<datafield ind1=" " ind2="7" tag="651">
		<subfield code="a">Islamic Empire.</subfield>
		<subfield code="2">fast</subfield>
		<subfield code="0">(OCoLC)fst01244134</subfield>
	</datafield>
	<datafield ind1=" " ind2="7" tag="655">
		<subfield code="a">History.</subfield>
		<subfield code="2">fast</subfield>
		<subfield code="0">(OCoLC)fst01411628</subfield>
	</datafield>
	<datafield ind1="1" ind2="2" tag="700">
		<subfield code="6">880-04</subfield>
		<subfield code="a">Qaramānī, Aḥmad ibn Yūsuf,</subfield>
		<subfield code="d">1532 or 1533-1611.</subfield>
		<subfield code="t">Akhbār al-duwal wa-āthār al-uwal.</subfield>
	</datafield>
	<datafield ind1="1" ind2="2" tag="700">
		<subfield code="6">880-05</subfield>
		<subfield code="a">ʻUtbī, Muḥammad ibn ʻAbd al-Jabbār,</subfield>
		<subfield code="d">-1035 or 1036.</subfield>
		<subfield code="t">Tārīkh al-yamīnī. </subfield>
	</datafield>
	<datafield ind1="1" ind2="2" tag="700">
		<subfield code="6">880-06</subfield>
		<subfield code="a">Ibn al-Shiḥnah, Muḥibb al-Dīn Muḥammad ibn Muḥammad,</subfield>
		<subfield code="d">1402-1485.</subfield>
		<subfield code="t">Rawḍat al-manāẓir fī akhbār al-awāʼil wa-al-awākhir.</subfield>
	</datafield>
	<datafield ind1="1" ind2="2" tag="700">
		<subfield code="6">880-07</subfield>
		<subfield code="a">Qaramānī, Aḥmad ibn Yūsuf,</subfield>
		<subfield code="d">1532 or 1533-1611.</subfield>
		<subfield code="t">Akhbār al-duwal wa-āthār al-uwal.</subfield>
	</datafield>
	<datafield ind1="2" ind2=" " tag="710">
		<subfield code="a">Columbia University.</subfield>
		<subfield code="b">Libraries.</subfield>
	</datafield>
	<datafield ind1="0" ind2=" " tag="730">
		<subfield code="a">Arabic Collections Online.</subfield>
	</datafield>
	<datafield ind1="0" ind2="8" tag="776">
		<subfield code="i">Print version:</subfield>
		<subfield code="a">Ibn al-Athīr, ʻIzz al-Dīn, 1160-1233.</subfield>
		<subfield code="t">Tārīkh al-kāmil</subfield>
		<subfield code="w">(NNC)4890594</subfield>
		<subfield code="w">(OCoLC)24876530</subfield>
	</datafield>
	<datafield ind1="4" ind2="0" tag="856">
		<subfield code="u">http://hdl.handle.net/2333.1/b8gtj0t6</subfield>
	</datafield>
	<datafield ind1="1" ind2=" " tag="880">
		<subfield code="6">100-01</subfield>
		<subfield code="a">ابن الاثير، علي بن محمد،</subfield>
		<subfield code="d">1160-1233.</subfield>
	</datafield>
	<datafield ind1="1" ind2="0" tag="880">
		<subfield code="6">245-02</subfield>
		<subfield code="a">تاريخ الكامل /</subfield>
		<subfield code="c">للعلامة ابي الحسن علي بن ابي الكرم محمد بن محمد بن عبد الكريم بن عبد الواحد الشيباني المعروف بابن الاثير الجزري الملقب بعز الدين.</subfield>
	</datafield>
	<datafield ind1=" " ind2=" " tag="880">
		<subfield code="6">260-03</subfield>
		<subfield code="a">مصر :</subfield>
		<subfield code="b">المطبعة الازهرية المصرية،</subfield>
		<subfield code="c">[1883-1884]</subfield>
	</datafield>
	<datafield ind1="1" ind2="2" tag="880">
		<subfield code="6">700-04</subfield>
		<subfield code="a">قرماني، احمد بن يوسف،</subfield>
		<subfield code="d">1532 or 1533-1611.</subfield>
		<subfield code="t">اخبار الدول وآثار الأول.</subfield>
	</datafield>
	<datafield ind1="1" ind2="2" tag="880">
		<subfield code="6">700-05</subfield>
		<subfield code="a">عتبي، محمد بن عبد الجبار،</subfield>
		<subfield code="d">-1035 or 1036.</subfield>
		<subfield code="t">تاريخ اليميني. </subfield>
	</datafield>
	<datafield ind1="1" ind2="2" tag="880">
		<subfield code="6">700-06</subfield>
		<subfield code="a">ابن الشحنة، محب الدين محمد بن محمد،</subfield>
		<subfield code="d">1402-1485.</subfield>
		<subfield code="t">روضة المناظر في اخبار الاوائل والاواخر.</subfield>
	</datafield>
	<datafield ind1="1" ind2="2" tag="880">
		<subfield code="6">700-07</subfield>
		<subfield code="a">قرماني، احمد بن يوسف،</subfield>
		<subfield code="d">1532 or 1533-1611.</subfield>
		<subfield code="t">اخبار الدول وآثار الأول.</subfield>
	</datafield>
	<datafield ind1=" " ind2=" " tag="959">
		<subfield code="a">NNU</subfield>
		<subfield code="b">WEB</subfield>
		<subfield code="c">GENI</subfield>
		<subfield code="t">0</subfield>
		<subfield code="m">Electronic access</subfield>
		<subfield code="s">01</subfield>
	</datafield>
	<datafield ind1=" " ind2=" " tag="999">
		<subfield code="i">NNC_4890594</subfield>
		<subfield code="o">(OCoLC)ocm24876530</subfield>
		<subfield code="s">columbia_aco003124:v.1-2</subfield>
		<subfield code="s">columbia_aco003125:v.3</subfield>
		<subfield code="s">columbia_aco003126:v.4</subfield>
		<subfield code="s">columbia_aco003127:v.5</subfield>
		<subfield code="s">columbia_aco003128:v.6</subfield>
		<subfield code="s">columbia_aco003129:v.7</subfield>
		<subfield code="s">columbia_aco003130:v.8</subfield>
		<subfield code="s">columbia_aco003131:v.9</subfield>
		<subfield code="s">columbia_aco003132:v.10</subfield>
		<subfield code="s">columbia_aco003133:v.11</subfield>
		<subfield code="s">columbia_aco003134:v.12</subfield>
		<subfield code="e">(ERROR-880)</subfield>
		<subfield code="s">columbia_aco003124:v.1-2</subfield>
		<subfield code="s">columbia_aco003125:v.3</subfield>
		<subfield code="s">columbia_aco003126:v.4</subfield>
		<subfield code="s">columbia_aco003127:v.5</subfield>
		<subfield code="s">columbia_aco003128:v.6</subfield>
		<subfield code="s">columbia_aco003129:v.7</subfield>
		<subfield code="s">columbia_aco003130:v.8</subfield>
		<subfield code="s">columbia_aco003131:v.9</subfield>
		<subfield code="s">columbia_aco003132:v.10</subfield>
		<subfield code="s">columbia_aco003133:v.11</subfield>
		<subfield code="s">columbia_aco003134:v.12</subfield>
	</datafield>
</record>
